<?xml version="1.0" encoding="UTF-8"?><record xmlns="http://www.loc.gov/MARC21/slim" xmlns:cinclude="http://apache.org/cocoon/include/1.0" xmlns:zs="http://www.loc.gov/zing/srw/">
  <leader>00461nz  a2200133n  4500</leader>
  <controlfield tag="001">no2008110562</controlfield>
  <controlfield tag="003">DLC</controlfield>
  <controlfield tag="005">20080802075705.0</controlfield>
  <controlfield tag="008">080619n| acannaabn          |n aaa     c</controlfield>
  <datafield tag="010" ind1=" " ind2=" ">
    <subfield code="a">no2008110562</subfield>
  </datafield>
  <datafield tag="035" ind1=" " ind2=" ">
    <subfield code="a">(OCoLC)oca07836541</subfield>
  </datafield>
  <datafield tag="040" ind1=" " ind2=" ">
    <subfield code="a">TxSaSM</subfield>
    <subfield code="b">eng</subfield>
    <subfield code="c">TxSaSM</subfield>
  </datafield>
  <datafield tag="100" ind1="1" ind2=" ">
    <subfield code="a">Baynton, Sally M.</subfield>
  </datafield>
  <datafield tag="670" ind1=" " ind2=" ">
    <subfield code="a">Three faces of genocide, c2007:</subfield>
    <subfield code="b">interior title (Sally M. Baynton, Ph.D., D.M., Director, Composition Bridge Program, English Dept., Univ. of the Incarnate Word)</subfield>
  </datafield>
</record>